@MISC{example,
	title ="example",
	year = "2013",
	HOWPUBLISHED = "Website",
  url = {http://example.com},
  urldate = {2013-12-03}
}
